@Misc{pspresent,
  key = 	 {pspresent},
  author = 	 {Matthew Chapman},
  howpublished = {\url{http://www.cse.unsw.edu.au/~matthewc/pspresent/}}
}

@Misc{acroread,
  author =       {Adobe Systems Incorporated},
  howpublished = {\url{http://www.adobe.com}},
}

